@ARTICLE{BM93,
  author = {Jon Louis Bentley and M. Douglas McIlroy},
  title = {Engineering a sort function},
  journal = {{Softw., Pract. Exper}},
  volume = {23},
  number = {11},
  _pages = {1249-1265},
  year = {1993}
}

@ARTICLE{BC07,
  author = {Nicolas Bruno and Surajit Chaudhuri},
  title = {Physical design refinement: the `merge-reduce' approach},
  journal = {{ACM TODS}},
  volume = {32},
  number = {4},
  _month = {Nov.},
  pages= {28:1--28:41},
  year = {2007}
}

@ARTICLE{CN07,
  author = {Surajit Chaudhuri and Vivek R. Narasayya},
  title = {Self-tuning database systems: A decade of progress},
  journal = {{VLDB}},
  _volume = {33},
 pages = {3-14},
  year = {2007}
}

@ARTICLE{FST88,
  author = { Sheldon J. Finkelstein and Mario Schkolnick and  Paolo Tiberio},
  title = {Physical database design for relational databases},
  journal = {{ACM TODS}},
  volume =  {13},
  number =  {1},
  pages = {91-128},
  year = {1988}
}

@ARTICLE{G09,
  author = {Goetz Graefe},
  title = {Fast loads and fast queries},
  journal = {{DaWaK}},
  _volume = {12},
  year = {2009},
  _pages = {111--124}
}

@ARTICLE{G10,
  author = {Goetz Graefe},
  title = {{A Survey of B-tree Locking Techniques}},
  journal = {{ACM TODS}},
  volume = {35},
  number = {2},
  pages = {16:1--16:26},
  year = {2010}
}

@INPROCEEDINGS{GIKM10,
   author = { Goetz Graefe and Stratos Idreos and Harumi Kuno and Stefan Manegold},
   title = {Benchmarking Adaptive Indexing},
   booktitle = {{TPCTC}},
   pages = {169-184},
   year = {2010}
}


@INPROCEEDINGS{GK10b,
  author = { Goetz Graefe and Harumi Kuno},
  title = {Self-selecting, self-tuning, incrementally optimized indexes},
  booktitle = {{EDBT}},
  _volume = {13},
  pages = {371--381},
  year = {2010}
}

@INPROCEEDINGS{GK10a,
  author = { Goetz Graefe and Harumi Kuno},
  title = {Adaptive indexing for relational keys},
  booktitle = {{SMDB}},
  pages     = {69-74},
  year = {2010}
}

@ARTICLE{H61,
  author = { C. A. R. Hoare},
  title = {Algorithm 64: Quicksort},
  journal = {{Comm. ACM}},
  volume = {4},
  number = {7},
  pages = {321},
  year = {1961}
}

@ARTICLE{H76,
  author = {Theo H\"{a}rder},
  title = {Selecting an optimal set of secondary indices},
  journal = {{Lecture Notes in Computer Science}},
  volume = {44},
  pages = {146--160},
  year = {1976}
}


@INPROCEEDINGS{IKM:CIDR07,
  author = {Stratos Idreos and Martin L. Kersten and Stefan Manegold},
  title = {Database cracking},
  booktitle = {{CIDR}},
  _volume = {3},
  pages = {68-78},
  year = {2007}
}

@INPROCEEDINGS{IKM:SIGMOD07,
  author = {Stratos Idreos and Martin L. Kersten and Stefan Manegold},
  title = {Updating a cracked database},
  booktitle = {{SIGMOD}},
  _volume = {26},
  pages = {413-424},
  year = {2007}
}

@INPROCEEDINGS{IKM:SIGMOD09,
  author = {Stratos Idreos and Martin L. Kersten and Stefan Manegold},
  title = {Self-organizing tuple reconstruction in column stores},
  booktitle = {{SIGMOD}},
  pages = {297-308},
  year = {2009}
}

@ARTICLE{KM05,
  author = {Martin L. Kersten and Stefan Manegold},
  title = {Cracking the database store},
  journal = {{CIDR}},
  _volume = {2},
  year = {2005}
}

@INPROCEEDINGS{LSSS07,
  author    = {Martin L{\"u}hring and
               Kai-Uwe Sattler and
               Karsten Schmidt and
               Eike Schallehn},
  title     = {Autonomous Management of Soft Indexes},
  booktitle = {SMDB},
  year      = {2007},
  pages     = {450-458}
}


@ARTICLE{S89,
  author = {Michael Stonebraker},
  title = {The case for partial indexes},
  journal = {{SIGMOD Record}},
  volume = {18},
  number = {4},
  pages = {4-11},
  year = {1989}
}

@ARTICLE{SL76,
  author = { Dennis G. Severance, Guy M. Lohman},
  title = {Differential files: their application to the maintenance of large databases},
  journal = {{ACM TODS}},
  volume = {1},
  number = {3},
  _pages = {256-267},
  year = {1976}
}

@ARTICLE{SS95,
  author = { Praveen Seshadri, Arun N. Swami},
  title = {Generalized partial indexes},
  journal = {{ICDE}},
  _volume = {11},
  pages = {420-427},
  year = {1995}
}

@inproceedings{MSadvisor,
  _author    = {Sanjay Agrawal and
               Surajit Chaudhuri and
               Lubor Koll{\'a}r and
               Arunprasad P. Marathe and
               Vivek R. Narasayya and
               Manoj Syamala},
  author    = {Sanjay Agrawal and others},
  title     = {{Database Tuning Advisor for Microsoft SQL Server 2005: Demo.}},
  booktitle = {SIGMOD},
  year      = {2005},
  _pages     = {930-932},
  ee        = {http://doi.acm.org/10.1145/1066157.1066292},
}

@inproceedings{DB2_advisor,
  author    = {Daniel C. Zilio and
               Jun Rao and
               Sam Lightstone and
               Guy M. Lohman and
               Adam Storm and
               Christian Garcia-Arellano and
               Scott Fadden},
  title     = {{DB2} Design Advisor: Integrated Automatic Physical Database
               Design.},
  booktitle = {VLDB},
  year      = {2004},
  pages     = {1087-1097},
  ee        = {http://www.vldb.org/conf/2004/IND4P1.PDF},
}

@INPROCEEDINGS{CN:VLDB:97,
    AUTHOR             = {S. Chaudhuri and V. Narasayya},
        BOOKTITLE          = {VLDB},
        TITLE              = {{An efficient cost-driven index selection tool for Microsoft SQL Server}},
	pages			={146-155},
        YEAR               = {1997}
}

@INPROCEEDINGS{Hammer76,
    AUTHOR             = {M. Hammer and A. Chan},
        BOOKTITLE_          = SIGMOD,
        TITLE              = {{Index selection in a self-adaptive data base management system. SIGMOD}},
        YEAR               = {1976}
}

@INPROCEEDINGS{Bruno2005,
    AUTHOR             = {N. Bruno and S. Chaudhuri},
        BOOKTITLE_          = SIGMOD,
        TITLE              = {{Automatic Physical Database Tuning: A Relaxation-based Approach. SIGMOD}},
        YEAR               = {2005}
}


@INPROCEEDINGS{Colt,
    AUTHOR             = {K. Schnaitter and others},
        BOOKTITLE         = {SIGMOD},
        TITLE              = {COLT: Continuous On-Line Database Tuning},
	pages  = {793-795},
        YEAR               = {2006}
}

@inproceedings{DB2:designadvisor,
 author = {Daniel Zilio and Sam Lightstone and Kelly Lyons and Guy Lohman},
 title = {Self-managing technology in IBM DB2 universal database},
 booktitle = {Proceedings of the tenth international conference on Information and knowledge management},
 year = {2001},
 isbn = {1-58113-436-3},
 pages = {541--543},
 location = {Atlanta, Georgia, USA},
 doi = {http://doi.acm.org/10.1145/502585.502682},
 publisher = {ACM Press},
}

@INPROCEEDINGS{SHU:VLDB:2004,
        AUTHOR_             = {Sanjay Agrawal and Surajit Chaudhuri and Lubor Koll\'{a}r and Arunprasad P. Marathe and Vivek R. arasayya and Manoj Syamala},
    AUTHOR             = {S. Agrawal and others},
        BOOKTITLE          = {VLDB},
        ADDRESS_            = {Toronto, Canada},
        MONTH_              = Aug,
        TITLE              = {Database tuning advisor for {Microsoft SQL Server}},
        YEAR               = {2004},
 pages     = {1110-1121},
    note_               = APPEAR
}

@INPROCEEDINGS{CW:VLDB00,
        AUTHOR             = {S. Chaudhuri and G. Weikum},
        _BOOKTITLE          = {Proceedings of the 26th International Conference on Very Large Data Bases (VLDB)},
        BOOKTITLE          = {VLDB},
        TITLE              = {Rethinking Database System Architecture: Towards a Self-Tuning {RISC}-Style Database System.},
        YEAR               = 2000,
	pages			={1-10},
        _MONTH              = sep,
}

@INPROCEEDINGS{DB2DesignAdvisor2,
        _AUTHOR             = {D. C. Zilio and C. Zuzarte and S. Lightstone and W. Ma and G. M. Lohman and R. Cochrane and H. Pirahesh and L. S. Colby and J. Gryz and E. Alton and D. Liang and G. Valentin},
    AUTHOR             = {D. C. Zilio and others},
        BOOKTITLE          = {ICAC},
        TITLE              = {{Recommending Materialized Views and Indexes with IBM DB2 Design Advisor}},
        YEAR               = 2004,
        _MONTH              = may,
}

@INPROCEEDINGS{DB2DesignAdvisor,
        _AUTHOR             = {D. C. Zilio and J. Rao and S. Lightstone and G. M. Lohman and A. Storm and C. Garcia-Arellano and S. Fadden},
    AUTHOR             = {D. C. Zilio and others},
        BOOKTITLE          = {VLDB},
        TITLE              = {{DB2} Design Advisor: Integrated Automatic Physical Database Design},
        YEAR               = 2004,
	pages  ={1087-1097},
        _MONTH              = sep,
}

@INPROCEEDINGS{DB2Advisor,
        _AUTHOR             = {G. Valentin and M. Zuliani and D. C. Zilio and G. M. Lohman and A. Skelley},
    AUTHOR             = {G. Valentin and others},
        BOOKTITLE_          = {ICDE},
        TITLE              = {{DB2 Advisor: An Optimizer Smart Enough to Recommend Its Own Indexes. ICDE}},
        YEAR               = 2000,
        _MONTH              = mar,
}

@INPROCEEDINGS{SQLServerTuningAdvisor,
        _AUTHOR             = {S. Agrawal and S. Chaudhuri and L. Kollar and A. P. Marathe and V. R. Narasayya and M. Syamala},
    AUTHOR             = {S. Agrawal and others},
        BOOKTITLE_          = {VLDB},
        TITLE              = {{Database Tuning Advisor for Microsoft SQL Server 2005. VLDB}},
        YEAR               = 2004,
        _MONTH              = sep,
}

@INPROCEEDINGS{Tune,
    AUTHOR             = {N. Bruno and S. Chaudhuri},
        BOOKTITLE          = {VLDB},
        TITLE              = {To Tune or not to Tune? A Lightweight Physical Design Alerter},
	pages			={499-510},
        YEAR               = {2006}
}

@inproceedings{OnlineTuning,
  author    = {Nicolas Bruno and Surajit Chaudhuri},
  title     = {An Online Approach to Physical Design Tuning},
  booktitle = {ICDE},
	pages			={826-835},
  year      = {2007}
}

@ARTICLE{AdaptiveIndexing,
   author = {Stratos Idreos and Stefan Manegold and Harumi Kuno and Goetz Graefe},
   title = {Merging What's Cracked, Cracking What's Merged: Adaptive Indexing in Main-Memory Column-Stores},
   journal = {PVLDB},
 volume    = {4},
  number    = {9},
  pages     = {585-597},
   year = {2011}
}

@ARTICLE{CrackingThesis,
   author = {Stratos Idreos},
   title = {Database Cracking: Towards Auto-tuning Database Kernels},
   journal = {CWI, PhD Thesis},
   year = {2010}
}

@inproceedings{BFPRT,
  author    = {Manuel Blum and Robert W. Floyd and Vaughan R. Pratt and Ronald L. Rivest and Robert Endre Tarjan},
  title     = {Linear Time Bounds for Median Computations},
  booktitle = {STOC},
  year      = {1972},
  pages     = {119-124}
}

@article{Introselect,
  author    = {David R. Musser},
  title     = {Introspective Sorting and Selection Algorithms},
  journal   = {Software: Practice and Experience},
  volume    = {27},
  number    = {8},
  year      = {1997},
  pages     = {983-993}
}

@inproceedings{GoetzRobustness,
  author    = {Goetz Graefe},
  title     = {Robust query processing},
  booktitle = {ICDE},
pages	={1361},
  year      = {2011}
}

@inproceedings{DBLP:conf/icde/Stonebraker05,
  author    = {Michael Stonebraker},
  title     = {One Size Fits All: An Idea Whose Time Has Come and Gone},
  booktitle = {ICDE},
  year      = {2005},
  pages     = {869-870},
  ee        = {http://icde2005.is.tsukuba.ac.jp/keynotes.html}
}




% column-stores

@article{manegold00,
 author = {Manegold, Stefan and Boncz, Peter A. and Kersten, Martin L.},
 title = {Optimizing database architecture for the new bottleneck: memory access},
 journal = {The VLDB Journal},
 volume = {9},
 number = {3},
 year = {2000},
 issn = {1066-8888},
 pages = {231--246},
 numpages = {16},
 url = {http://dx.doi.org/10.1007/s007780000031},
 doi = {http://dx.doi.org/10.1007/s007780000031},
 acmid = {765238},
 publisher = {Springer-Verlag New York, Inc.},
 address = {Secaucus, NJ, USA},
 keywords = {Decomposed storage model, Implementation techniques, Join algorithms, Main-memory databases, Memory access optimization, Query processing},
}

@inproceedings{stonebreaker05vldb,
 author_ = {Stonebraker, Mike and Abadi, Daniel J. and Batkin, Adam and Chen, Xuedong and Cherniack, Mitch and Ferreira, Miguel and Lau, Edmond and Lin, Amerson and Madden, Sam and O'Neil, Elizabeth and O'Neil, Pat and Rasin, Alex and Tran, Nga and Zdonik, Stan},
 author = {Stonebraker, Mike and others},
 title = {C-store: a column-oriented {DBMS}},
 booktitle = {VLDB},
 year = {2005},
 isbn = {1-59593-154-6},
 location = {Trondheim, Norway},
 pages = {553--564},
 numpages = {12},
 url = {http://portal.acm.org/citation.cfm?id=1083592.1083658},
 acmid = {1083658},
}

@article{manegold09,
 author = {Manegold, Stefan and Kersten, Martin L. and Boncz, Peter},
 title = {Database architecture evolution: mammals flourished long before dinosaurs became extinct},
 journal = {PVLDB},
 volume = {2},
 number = {2},
 year = {2009},
 issn = {2150-8097},
 pages = {1648--1653},
 numpages = {6},
 url = {http://portal.acm.org/citation.cfm?id=1687553.1687618},
 acmid = {1687618},
 publisher = {VLDB Endowment},
}

@INPROCEEDINGS{X100,
	AUTHOR             = {P. Boncz and M. Zukowski and N. Nes},
        BOOKTITLE          = {CIDR},
        TITLE              = {MonetDB/X100: Hyper-Pipelining Query Execution},
	pages		    ={225-237},
        YEAR               = {2005}
}

@ARTICLE{SkyServer,
  title    = {http://cas.sdss.org/},
  author   = {{Sloan Digital Sky Survey (SkyServer)}}
}

@inproceedings{NoDBcidr,
  author    = {Stratos Idreos and
               Ioannis Alagiannis and
               Ryan Johnson and
               Anastasia Ailamaki},
  title     = {Here are my Data Files. Here are my Queries. Where are my
               Results?},
  booktitle = {CIDR},
  year      = {2011},
  pages     = {57-68}
}

@article{ResearcherGuide,
  author    = {Martin Kersten and Stratos Idreos and Stefan Manegold and Erietta Liarou},
  title     = {The Researcher's Guide to the Data Deluge: Querying a Scientific Database in Just a Few Seconds},
  journal = {PVLDB},
 volume    = {4},
  number    = {12},
  pages     = {1474-1477},
  year      = {2011}
}


@ARTICLE{StochasticCracking,
   author = {Felix Halim and Stratos Idreos and Panagiotis Karras and Roland H. C. Yap } ,
   title = {Stochastic Database Cracking: Towards Robust Adaptive Indexing in Main-Memory Column-Stores},
   journal = {PVLDB},
 volume   = {5},
 number   = {6},
 year     = {2012},
 pages    = {502--513}
}

@ARTICLE{Concurrency,
   author = {Goetz Graefe and Felix Halim and Stratos Idreos and Harumi Kuno and Stefan Manegold},
   title = {Concurrency Control for Adaptive Indexing},
   journal = {PVLDB},
 volume    = {5},
  number    = {7},
  pages     = {656-667},
   year = {2012}
}


@inproceedings{SurajitSigmod2012Keynote,
	author    = {Surajit Chaudhuri},
	title     = {What Next? A Half-Dozen Data Management Research Goals for Big Data and Cloud},
	booktitle = {PODS},
	year      = {2012},
}


@inproceedings{Sciborg,
	author    = {Lefteris Sidirourgos and
		Martin L. Kersten and
			Peter A. Boncz},
	title     = {SciBORQ: Scientific data management with Bounds On Runtime
		and Quality},
	booktitle = {CIDR},
	year      = {2011},
	_pages     = {296-301},
}

@inproceedings{Blinkmit,
	author    = {Sameer Agarwal and Aurojit Panda and Barzan Mozafari and Samuel Madden and Ion Stoica},
	title     = {Blink and It's Done: Interactive Queries on Very Large Data},
	booktitle = {PVLDB},
	year      = {2012}
}


@inproceedings{cbbtrees,
  author    = {Jun Rao and
               Kenneth A. Ross},
  title     = {Making {B$^{\mbox{+}}$}-Trees Cache Conscious in Main Memory},
  booktitle = {SIGMOD},
  year      = {2000},
  pages     = {475-486},
}

@inproceedings{art,
  author    = {Viktor Leis and
               Alfons Kemper and
               Thomas Neumann},
  title     = {The adaptive radix tree: ARTful indexing for main-memory
               databases},
  booktitle = {ICDE},
  year      = {2013},
  pages     = {38-49},
}


@article{hail,
  author     = {Stefan Richter and Jorge-Arnulfo Quian\'{e}-Ruiz and Stefan Schuh and Jens Dittrich},
  title    = {Towards Zero-Overhead Static and Adaptive Indexing in {Hadoop}},
  journal = {VLDBJ},
  year      = {2013}
}

@inproceedings{hyper,
  author    = {Alfons Kemper and
               Thomas Neumann},
  title     = {{HyPer}: A hybrid {OLTP} {\&} {OLAP} main memory database system
               based on virtual memory snapshots},
  booktitle = {ICDE},
  year      = {2011},
}

@article{Hana,
  author    = {Franz F{\"a}rber and
               Norman May and
               Wolfgang Lehner and
               Philipp Gro{\ss}e and
               Ingo M{\"u}ller and
               Hannes Rauhe and
               Jonathan Dees},
  title     = {The {SAP HANA} Database -- An Architecture Overview},
  journal   = {IEEE Data Eng. Bull.},
  volume    = {35},
  number    = {1},
  year      = {2012},
  pages     = {28-33},
}
