@ARTICLE{felix14uncracked,
	AUTHOR = "Felix Martin Schuhknecht and Alekh Jindal and Jens Dittrich",
	TITLE = "The Uncracked Pieces in Database Cracking",
	JOURNAL = "VLDB Endowment",
	VOLUME = {7},
	NUMBER = {2},
	MONTH = "September",
	YEAR = {2014}	}
